@Manual{R_baseline,
  title = {baseline: Baseline Correction of Spectra},
  author = {Kristian Hovde Liland and Bjørn-Helge Mevik},
  year = {2025},
  note = {R package version 1.3-7},
  url = {https://github.com/khliland/baseline/},
}

@Manual{R_ggplot2,
  title = {ggplot2: Create Elegant Data Visualisations Using the Grammar of Graphics},
  author = {Hadley Wickham and Winston Chang and Lionel Henry and Thomas Lin Pedersen and Kohske Takahashi and Claus Wilke and Kara Woo and Hiroaki Yutani and Dewey Dunnington and Teun {van den Brand}},
  year = {2025},
  note = {R package version 3.5.2},
  url = {https://ggplot2.tidyverse.org},
}

@Manual{R_hyperSpec,
  title = {hyperSpec: Work with Hyperspectral Data, i.e. Spectra + Meta Information
(Spatial, Time, Concentration, ...)},
  author = {Claudia Beleites and Valter Sergo and Vilmantas Gegzna},
  year = {2024},
  note = {R package version 0.100.2},
  url = {https://r-hyperspec.github.io/hyperSpec/},
}

@Manual{R_knitr,
  title = {knitr: A General-Purpose Package for Dynamic Report Generation in R},
  author = {Yihui Xie},
  year = {2025},
  note = {R package version 1.50},
  url = {https://yihui.org/knitr/},
}

@Manual{R_mclust,
  title = {mclust: Gaussian Mixture Modelling for Model-Based Clustering,
Classification, and Density Estimation},
  author = {Chris Fraley and Adrian E. Raftery and Luca Scrucca},
  year = {2024},
  note = {R package version 6.1.1},
  url = {https://mclust-org.github.io/mclust/},
}

@Manual{R_plotly,
  title = {plotly: Create Interactive Web Graphics via plotly.js},
  author = {Carson Sievert and Chris Parmer and Toby Hocking and Scott Chamberlain and Karthik Ram and Marianne Corvellec and Pedro Despouy},
  year = {2025},
  note = {R package version 4.11.0},
  url = {https://plotly-r.com},
}

@Article{baseline2010,
  title = {Optimal Choice of Baseline Correction for Multivariate Calibration of Spectra},
  author = {Kristian Hovde Liland and Trygve Almøy and Bjørn-Helge Mevik},
  year = {2010},
  volume = {64},
  pages = {1007-1016},
  journal = {Applied Spectroscopy},
  doi = {10.1366/000370210792434350},
}

@Book{ggplot22016,
  author = {Hadley Wickham},
  title = {ggplot2: Elegant Graphics for Data Analysis},
  publisher = {Springer-Verlag New York},
  year = {2016},
  isbn = {978-3-319-24277-4},
  url = {https://ggplot2.tidyverse.org},
}

@Book{knitr2015,
  title = {Dynamic Documents with {R} and knitr},
  author = {Yihui Xie},
  publisher = {Chapman and Hall/CRC},
  address = {Boca Raton, Florida},
  year = {2015},
  edition = {2nd},
  note = {ISBN 978-1498716963},
  url = {https://yihui.org/knitr/},
}

@InCollection{knitr2014,
  booktitle = {Implementing Reproducible Computational Research},
  editor = {Victoria Stodden and Friedrich Leisch and Roger D. Peng},
  title = {knitr: A Comprehensive Tool for Reproducible Research in {R}},
  author = {Yihui Xie},
  publisher = {Chapman and Hall/CRC},
  year = {2014},
  note = {ISBN 978-1466561595},
}

@Book{mclust2023,
  title = {Model-Based Clustering, Classification, and Density Estimation Using {mclust} in {R}},
  author = {Luca Scrucca and Chris Fraley and T. Brendan Murphy and Adrian E. Raftery},
  publisher = {Chapman and Hall/CRC},
  isbn = {978-1032234953},
  doi = {10.1201/9781003277965},
  year = {2023},
  url = {https://mclust-org.github.io/book/},
}

@Book{plotly2020,
  author = {Carson Sievert},
  title = {Interactive Web-Based Data Visualization with R, plotly, and shiny},
  publisher = {Chapman and Hall/CRC},
  year = {2020},
  isbn = {9781138331457},
  url = {https://plotly-r.com},
}

